<?xml version="1.0" encoding="UTF-8"?><collection xmlns="http://www.loc.gov/MARC21/slim"><record><leader>00449nam--2200157-i-4500</leader><controlfield tag="001">000043239</controlfield><controlfield tag="002">20161230</controlfield><controlfield tag="005">20170102224830</controlfield><controlfield tag="008">060222s1000------------r-----000-0-eng-d</controlfield><datafield ind1=" " ind2=" " tag="100"><subfield code="a">Sutcliffe, Haydn</subfield></datafield><datafield ind1=" " ind2=" " tag="245"><subfield code="a">Practical inorganic chemistry. Preparatioans, reactions and instrumental methods</subfield></datafield><datafield ind1=" " ind2=" " tag="260"><subfield code="a">London</subfield><subfield code="b">Chapman And Hall Ltd</subfield><subfield code="c">1968</subfield></datafield><datafield ind1=" " ind2=" " tag="300"><subfield code="a">XVI + 225 p</subfield></datafield><datafield ind1=" " ind2=" " tag="700"><subfield code="a">Pass, Geoffrey</subfield></datafield><datafield ind1=" " ind2=" " tag="852"><subfield code="a">30066</subfield></datafield><datafield ind1=" " ind2=" " tag="CAT"><subfield code="a">SYS</subfield><subfield code="c">20170102</subfield><subfield code="h">224830</subfield></datafield></record></collection>